@inproceedings{AgrawalSIGMOD93,
  AUTHOR    = "Agrawal, Rakesh and Imieli\'{n}ski, Tomasz and Swami, Arun",
  TITLE     = "Mining {A}ssociation {R}ules between {S}ets of {I}tems in {L}arge {D}atabases",
  BOOKTITLE = "Proc. SIGMOD '93",
  PAGES     = {207-216},
  YEAR = {1993}
}

@inproceedings{AgrawalVLDB94,
   author              = {Rakesh Agrawal and Ramakrishnan Srikant},
   title               = {Fast Algorithms for Mining Association Rules in Large Databases},
   booktitle           = {Proceedings of the 20th International Conference on Very Large Data Bases (VLDB)},
   year                = {1994},
   pages               = {487-499},
   ee                  = {http://www.vldb.org/conf/1994/P487.PDF},
}

@article{AgrawalTKDE96,
  title={Parallel mining of association rules},
  author={Rakesh Agrawal and John C Shafer},
  journal={Knowledge and Data Engineering, IEEE Transactions on},
  number={6},
  pages={962--969},
  year={1996},
  publisher={IEEE}
}


@book{Anderson2006,
 author = {Anderson, Chris},
 title = {The Long Tail: Why the Future of Business Is Selling Less of More},
 year = {2006},
 isbn = {1401302378},
 publisher = {Hyperion},
}

@inproceedings{ArmbrustSIGMOD15,
  title={Spark sql: Relational data processing in spark},
  author={Michael Armbrust and Reynold S Xin and Cheng Lian and Yin Huai and Davies Liu and Joseph K Bradley and Xiangrui Meng and Tomer Kaftan and Michael J Franklin and Ali Ghodsi and others},
  booktitle={Proceedings of the 2015 ACM SIGMOD International Conference on Management of Data},
  pages={1383--1394},
  year={2015},
  organization={ACM}
}

@article{calders2007non,
		title = {Non-derivable itemset mining},
		author = {Toon Calders and Bart Goethals},
		journal = {Data Mining and Knowledge Discovery},
		volume = {14},
		number = {1},
		pages = {171--206},
		year = {2007},
		publisher = {Springer},
}

@article{CeglarACM2006,
		author = {Aaron Ceglar and John F. Roddick},
		title = {Association mining},
		journal = {ACM Comput. Surv.},
		volume = {38},
		number = {2},
		year = {2006},
		ee = {http://doi.acm.org/10.1145/1132956.1132958},
		bibsource = {DBLP, http://dblp.uni-trier.de},
}

@inproceedings{CheungPDIS96,
		title = {A fast distributed algorithm for mining association rules},
		author = {David W Cheung and Jiawei Han and Vincent T Ng and Ada W Fu and Yongjian Fu},
		booktitle = {Parallel and Distributed Information Systems, 1996., Fourth International Conference on},
		pages = {31--42},
		year = {1996},
		organization = {IEEE},
}

@article{ChuangVLDBJ07,
		author = {Kun-Ta Chuang and Jiun-Long Huang and Ming-Syan Chen},
		title = {Mining top-k frequent patterns in the presence of the memory constraint},
		journal = {The VLDB Journal},
		year = {2007},
		volume = {17},
		number = {5},
		pages = {1321--1344},
		url = {https://ir.nctu.edu.tw/bitstream/11536/8530/1/000257396700017.pdf},
}

@article{CodyMC67,
  title={Chebyshev approximations for the natural logarithm of the gamma function},
  author={William James Cody and Kenneth E. Hillstrom},
  journal={Mathematics of Computation},
  volume={21},
  number={98},
  pages={198--203},
  year={1967}
}


@book{Daniel1978,
  title={Applied {N}onparametric {S}tatistics},
  author={Daniel, W.W.},
  year={1978},
  publisher={Houghton Mifflin}
}

@inproceedings{DeanOSDI04,
    author = {Jeffrey Dean and Sanjay Ghemawat},
    title = {MapReduce: simplified data processing on large clusters},
    booktitle = {Proceedings of the 6th Symposium on Operating System Design and Implementation (OSDI)},
    year = {2004},
}

@article{dzyubaIJAIT14,
  title={Interactive learning of pattern rankings},
  author={Vladimir Dzyuba and Matthijs van Leeuwen and Siegfried Nijssen and Luc De Raedt},
  journal={International Journal on Artificial Intelligence Tools},
  volume={23},
  number={06},
  pages={1460026},
  year={2014},
  publisher={World Scientific}
}


@misc{FIMIsite,
  author = {Goethals, Bart},
  title = {FIMI repository website},
  year = {2003},
  howpublished = "\url{http://fimi.cs.helsinki.fi/}"
}

@article{OSDM05,
		author = {Bart Goethals and Siegfried Nijssen and Mohammed J Zaki},
		title = {Open Source Data Mining: Workshop Report},
		journal = {SIGKDD Explor. Newsl.},
		issue_date = {December 2005},
		volume = {7},
		number = {2},
		year = {2005},
		issn = {1931-0145},
		pages = {143--144},
		numpages = {2},
		url = {http://doi.acm.org/10.1145/1117454.1117476},
		doi = {10.1145/1117454.1117476},
		acmid = {1117476},
		publisher = {ACM},
		address = {New York, NY, USA},
}

@proceedings{FIMI04,
		author = {Roberto J. Bayardo Jr. and Bart Goethals and Mohammed J Zaki},
		editor = {Roberto J. Bayardo Jr. and Bart Goethals and Mohammed J Zaki},
		title = {{FIMI} '04, Proceedings of the {IEEE} {ICDM} Workshop on Frequent Itemset Mining Implementations, Brighton, UK, November 1, 2004},
		series = {{CEUR} Workshop Proceedings},
		volume = {126},
		publisher = {CEUR-WS.org},
		year = {2005},
}

@proceedings{FIMI03,
		author = {},
		editor = {Bart Goethals and Mohammed J Zaki},
		title = {{FIMI} '03, Frequent Itemset Mining Implementations, Proceedings of the {ICDM} 2003 Workshop on Frequent Itemset Mining Implementations, 19 December 2003, Melbourne, Florida, {USA}},
		series = {{CEUR} Workshop Proceedings},
		volume = {90},
		publisher = {CEUR-WS.org},
		year = {2003},
}

@article{FournierJMLR14,
  title={SPMF: a java open-source pattern mining library},
  author={Philippe Fournier-Viger and Antonio Gomariz and Ted Gueniche and Azadeh Soltani and Cheng-Wei Wu and Vincent S Tseng},
  journal={The Journal of Machine Learning Research},
  volume={15},
  number={1},
  pages={3389--3393},
  year={2014},
  publisher={JMLR.org}
}


@article{GengACM06,
  AUTHOR = "Liqiang Geng and Howard J. Hamilton",
  TITLE = "{I}nterestingness {M}easures for {D}ata {M}ining: {A} {S}urvey",
  JOURNAL = "ACM Comput. Surv.",
  VOLUME = {38},
  NUMBER = {3},
  YEAR = {2006}
}

@conference{Geurts03,
	author = {Karolien Geurts and Geert Wets and Tom Brijs and Koen Vanhoof},
	title = {Profiling High Frequency Accident Locations Using Association Rules},
	booktitle = {Proceedings of the 82nd Annual Transportation Research Board},
	pages= {18pp},
	year = {2003},
}

@article{GhotingVLDBJ07,
		title = {Cache-conscious frequent pattern mining on modern and emerging processors},
		author = {Amol Ghoting and Gregory Buehrer and Srinivasan Parthasarathy and Daehyun Kim and Anthony Nguyen and Yen-Kuang Chen and Pradeep Dubey},
		journal = {The VLDB Journal},
		volume = {16},
		number = {1},
		pages = {77--96},
		year = {2007},
		publisher = {Springer},
}

@inproceedings{GoelWSDM10,
 author = {Goel, Sharad and Broder, Andrei and Gabrilovich, Evgeniy and Pang, Bo},
 title = {Anatomy of the long tail: ordinary people with extraordinary tastes},
 booktitle = {Proceedings of the Third International Conference on Web Search and Data Mining (WSDM)},
 year = {2010},
 pages = {201--210},
}

@inproceedings{HanSIGMOD00,
  title={Mining frequent patterns without candidate generation},
  author={Jiawei Han and Jian Pei and Yiwen Yin},
  booktitle={ACM Sigmod Record},
  volume={29},
  number={2},
  pages={1--12},
  year={2000},
  organization={ACM}
}

@article{HanDMKD04,
   author              = {Jiawei Han and
                          Jian PeGoeli and
                          Yiwen Yin and
                          Runying Mao and
                          Runying Mao},
   title               = {Mining Frequent Patterns without Candidate Generation: A Frequent-Pattern Tree Approach},
   journal             = {Data Mining and Knowledge Discovery},
   year                = {2004},
   pages               = {53-87},
   ee                  = {http://dx.doi.org/10.1023/B:DAMI.0000005258.31418.83},
}

@inproceedings{HanICDM02,
		title = {Mining top-k frequent closed patterns without minimum support},
		author = {Jiawei Han and Jianyong Wang and Ying Lu and Petre Tzvetkov},
		booktitle = {Proceedings of the International Conference on Data Mining (ICDM)},
		pages = {211--218},
		year = {2002},
		organization = {IEEE},
}

@article{JacobsACM09,
  title={The pathologies of big data},
  author={Adam Jacobs},
  journal={Communications of the ACM},
  volume={52},
  number={8},
  pages={36--44},
  year={2009},
  publisher={ACM}
}

@article{KendallBIOMETRIKA38,
  author = {Kendall, M. G.},
  journal = {Biometrika},
  number = {1/2},
  pages = {81--93},
  title = {A {N}ew {M}easure of {R}ank {C}orrelation},
  volume = 30,
  year = 1938
}


@article{KumarIIC06,
  title={Guest Editors' Introduction: Distributed Data Mining--Framework and Implementations},
  author={Anup Kumar and Mehmed Kantardzic and Samuel Madden},
  journal={IEEE Internet Computing},
  volume={10},
  number={4},
  pages={15},
  year={2006},
  publisher={IEEE Computer Society}
}

@inbook{LeBrasDM10,
    author = {Yannick {Le Bras} and Philippe Lenca and Stéphane Lallich},
    title = {Mining interesting rules without support requirement: a general universal existential upward closure property},
    chapter = {Data Mining},
    publisher = {Springer},
    year = {2010},
    volume = {8},
    series = {Annals of information systems},
    pages = {75-98},
}

@inproceedings{LeBrasDS11,
    author = {Yannick {Le Bras} and Philippe Lenca and Stéphane Lallich},
    title = {Mining classification rules without support: an anti-monotone property of jaccard measure},
    booktitle = {DS 2011: 14th international conference on Discovery Science },
    editor = {Springer},
    year = {2011},
    volume = {6926},
    pages = {179-193},
}

@incollection{Lenca2007,
  title={Association {R}ule {I}nterestingness {M}easures: {E}xperimental and {T}heoretical {S}tudies},
  author={Philippe Lenca and Beno{\^\i}t Vaillant and Patrick Meyer and St{\'e}phane Lallich},
  booktitle={Quality Measures in Data Mining},
  pages={51--76},
  year={2007},
  publisher={Springer}
}

@inproceedings{LeSANER15,
  AUTHOR = "Tien-Duy Le and David Lo",
  TITLE = "Beyond {S}upport and {C}onfidence: {E}xploring {I}nterestingness {M}easures for {R}ule-{B}ased {S}pecification {M}ining",
  BOOKTITLE = "Proc. SANER '15",
  PAGES = "331-340",
  YEAR= {2015}
}

@inproceedings{LeeICDE13,
  title={SAP HANA distributed in-memory database system: Transaction, session, and metadata management},
  author={Juchang Lee and Yong Sik Kwon and Franz Farber and Michael Muehle and Chulwon Lee and Christian Bensberg and Joo Yeon Lee and Arthur H Lee and Wolfgang Lehner},
  booktitle={Data Engineering (ICDE), 2013 IEEE 29th International Conference on},
  pages={1165--1173},
  year={2013},
  organization={IEEE}
}

@inproceedings{LiRecSys08,
  author    = {Haoyuan Li and
               Yi Wang and
               Dong Zhang and
               Ming Zhang and
               Edward Y. Chang},
  title     = {Pfp: parallel fp-growth for query recommendation},
  booktitle = {Proceedings of the second conference on Recommender systems (RecSys)},
  year      = {2008},
  pages     = {107-114},
  ee        = {http://doi.acm.org/10.1145/1454008.1454027}
}

@inproceedings{LinICUIMC12,
   author              = {Ming-Yen Lin and
                          Pei-Yu Lee and
                          Sue-Chen Hsueh},
   title               = {Apriori-based frequent itemset mining algorithms on MapReduce},
   booktitle           = {Proceedings of the 6th International Conference on Ubiquitous Information Management and Communication (ICUIMC)},
   year                = {2012},
   pages               = {76},
   ee                  = {http://doi.acm.org/10.1145/2184751.2184842},
}

@inproceedings{LiuICDE11,
		author = {Guimei Liu and Mengling Feng and Yue Wang and Limsoon Wong and See-Kiong Ng and Tzia Liang Mah and Edmund Jon Deoon Lee},
		title = {Towards exploratory hypothesis testing and analysis},
		booktitle = {ICDE},
		year = {2011},
		pages = {745-756},
		ee = {http://doi.ieeecomputersociety.org/10.1109/ICDE.2011.5767907},
}

@article{LiuVLDB13,
		author = {Guimei Liu and Andre Suchitra and Limsoon Wong},
		title = {A Performance Study of Three Disk-based Structures for Indexing and Querying Frequent Itemsets},
		journal = {PVLDB},
		volume = {6},
		number = {7},
		year = {2013},
		pages = {505-516},
		ee = {http://www.vldb.org/pvldb/vol6/p505-liu.pdf},
		bibsource = {DBLP, http://dblp.uni-trier.de},
}

@article{lindstrom2013ibm,
  title={IBM solidDB: In-Memory Database Optimized for Extreme Speed and Availability.},
  author={Jan Lindstr{\"o}m and Vilho Raatikka and Jarmo Ruuth and Petri Soini and Katriina Vakkila},
  journal={IEEE Data Engineering Bulletin},
  volume={36},
  number={2},
  pages={14--20},
  year={2013}
}

@inproceedings{LuccheseFIMI04,
  author    = {Claudio Lucchese and
               Salvatore Orlando and
               Raffaele Perego and
               Fabrizio Silvestri},
  title     = {WebDocs: a real-life huge transactional dataset},
  booktitle = {Proceedings of the Workshop on Frequent Itemset Mining Implementations (FIMI)},
  year      = {2004},
}

@inproceedings{LuccheseICDM07,
  title={Parallel mining of frequent closed patterns: Harnessing modern computer architectures},
  author={Lucchese, Claudio and Orlando, Salvatore and Perego, Raffaele},
  booktitle={Data Mining, 2007. ICDM 2007. Seventh IEEE International Conference on},
  pages={242--251},
  year={2007},
  organization={IEEE}
}

@inproceedings{Mampaey2011KDD,
    title = {Tell me what i need to know: succinctly summarizing data with itemsets},
    author = {Michael Mampaey and Nikolaj Tatti and Jilles Vreeken},
    booktitle = {Proceedings of the 17th ACM SIGKDD international conference on Knowledge discovery and data mining},
    pages = {573--581},
    year = {2011},
    organization = {ACM},
}

@article{Mampaey2012TKDD,
    author = {Michael Mampaey and Jilles Vreeken and Nikolaj Tatti},
    title = {Summarizing Data Succinctly with the Most Informative Itemsets},
    journal = {ACM Trans. Knowl. Discov. Data},
    issue_date = {December 2012},
    volume = {6},
    number = {4},
    year = {2012},
    issn = {1556-4681},
    pages = {16:1--16:42},
    articleno = {16},
    numpages = {42},
    doi = {10.1145/2382577.2382580},
    acmid = {2382580},
    publisher = {ACM},
    address = {New York, NY, USA},
}

@article{McHughMB09,
  title={The odds ratio: calculation, usage, and interpretation},
  author={McHugh, Mary L},
  journal={Biochemia Medica},
  volume={19},
  number={2},
  pages={120--126},
  year={2009},
  publisher={Medicinska naklada}
}

@article{MinatoPAKDD08,
  title={LCM over ZBDDs: Fast generation of very large-scale frequent itemsets using a compact graph-based representation},
  author={Shin-ichi Minato and Takeaki Uno and Hiroki Arimura},
  journal={Advances in Knowledge Discovery and Data Mining},
  pages={234--246},
  year={2008},
  publisher={Springer}
}

@incollection{MinatoKDD14,
		title = {A Fast Method of Statistical Assessment for Combinatorial Hypotheses Based on Frequent Itemset Enumeration},
		author = {Shin-Ichi Minato and Takeaki Uno and Koji Tsuda and Aika Terada and Jun Sese},
		year = {2014},
		booktitle = {Machine Learning and Knowledge Discovery in Databases},
		volume = {8725},
		isbn = {978-3-662-44850-2},
		publisher = {Springer},
		pages = {422-436},
}

@inproceedings{MoensSML13,
		author = {Sandy Moens and Emin Aksehirli and Bart Goethals},
		title = {Frequent Itemset Mining for Big Data},
		booktitle = {SML: BigData 2013 Workshop on Scalable Machine Learning},
		year = {2013},
		publisher = {IEEE},
		pdf = {http://www.adrem.ua.ac.be/bibrem/pubs/bigfim.pdf },
}

@inproceedings{NegrevergneHPCS10,
  author = 	 {Benjamin Négrevergne and Alexandre Termier and Jean-Francois Méhaut and Takeaki Uno},
  title = 	 {Discovering Closed Frequent Itemsets on Multicore: Parallelizing Computations and Optimizing Memory Accesses},
  booktitle = {Proceedings of the International Conference on High Performance Computing and Simulation (HPCS)},
  year = {2010},
  pages = {521-528},
}

@inproceedings{PasquierICDT99,
  author    = {Nicolas Pasquier and
               Yves Bastide and
               Rafik Taouil and
               Lotfi Lakhal},
  title     = {Discovering Frequent Closed Itemsets for Association Rules},
  booktitle = {Proceedings of the 7th International Conference on Database Theory (ICDT)},
  year      = {1999},
  pages     = {398-416},
  ee        = {http://dx.doi.org/10.1007/3-540-49257-7_25},
  bibsource = {DBLP, http://dblp.uni-trier.de}
}

@inproceedings{PeiSIGMOD00,
  TITLE = "CLOSET: {A}n {E}fficient {A}lgorithm for {M}ining {F}requent {C}losed {I}temsets.",
  AUTHOR = "Pei, Jian and Han, Jiawei and Mao, Runying",
  BOOKTITLE = "Proc. SIGMOD '00",
  PAGES = {21-30},
  YEAR = {2000}
}

@article{PiatetskyKDD91,
  title={Discovery, analysis, and presentation of strong rules},
  author={Gregory Piatetsky-Shapiro},
  journal={Knowledge discovery in databases},
  pages={229--238},
  year={1991},
  publisher={Menlo Park, CA: AAI/MIT}
}

@inproceedings{RaczOSDM05,
  title={On benchmarking frequent itemset mining algorithms: from measurement to analysis},
  author={Bal{\'a}zs R{\'a}cz and Ferenc Bodon and Lars Schmidt-Thieme},
  booktitle={Proceedings of the 1st international workshop on open source data mining: frequent pattern mining implementations},
  pages={36--45},
  year={2005},
  organization={ACM}
}


@inproceedings{RiondatoCIKM12,
   author              = {Matteo Riondato and
                          Justin A. DeBrabant and
                          Rodrigo Fonseca and
                          Eli Upfal},
   title               = {PARMA: a parallel randomized algorithm for approximate association rules mining in MapReduce},
   booktitle           = {Proceedings of the 21st International Conference on Information and Knowledge Management (CIKM)},
   year                = {2012},
   pages               = {85-94},
   ee                  = {http://doi.acm.org/10.1145/2396761.2396776},
}

@article{Sokal58,
  author = {Sokal, R. R. and Michener, C. D.},
  journal = {Univ. Kans. Sci. Bull.},
  pages = {1409-1438},
  title = {A {S}tatistical {M}ethod for {E}valuating {S}ystematic {R}elationships},
  volume = 38,
  year = 1958
}

@inproceedings{SrikantSIGMOD96,
  title={Mining quantitative association rules in large relational tables},
  author={Ramakrishnan Srikant and Rakesh Agrawal},
  booktitle={ACM SIGMOD Record},
  volume={25},
  number={2},
  pages={1--12},
  year={1996},
  organization={ACM}
}

@inproceedings{SuganthanSIGMOD15,
  AUTHOR = "G.C., Paul Suganthan and Sun, Chong and K., Krishna Gayatri and Zhang, Haojun and Yang, Frank and Rampalli, Narasimhan and Prasad, Shishir and Arcaute, Esteban and Krishnan, Ganesh and Deep, Rohit and Raghavendra, Vijay and Doan, AnHai",
  TITLE = "Why {B}ig {D}ata {I}ndustrial {S}ystems {N}eed {R}ules and {W}hat {W}e {C}an {D}o {A}bout {I}t",
  BOOKTITLE = "Proc. SIGMOD '15",
  PAGES = {265-276},
  YEAR = {2015}
}

@book{Tan2007,
 author = {Tan, Pang-Ning and Steinbach, Michael and Kumar, Vipin},
 title = {Introduction to Data Mining, (First Edition)},
 year = {2007},
 isbn = {0393929728},
 publisher = {W. W. Norton \& Company},
}

@inproceedings{UnoFIMI03,
		author = {Takeaki Uno and Tatsuya Asai and Yuzo Uchida and Hiroki Arimura},
		title = {LCM: An Efficient Algorithm for Enumerating Frequent Closed Item Sets},
		booktitle = {FIMI},
		year = {2003},
		ee = {http://SunSITE.Informatik.RWTH-Aachen.de/Publications/CEUR-WS/Vol-90/uno.pdf},
		bibsource = {DBLP, http://dblp.uni-trier.de},
}

@inproceedings{UnoFIMI04,
  author    = {Takeaki Uno and
               Masashi Kiyomi and
               Hiroki Arimura},
  title     = {LCM ver. 2: Efficient Mining Algorithms for Frequent/Closed/Maximal Itemsets},
  booktitle = {Proceedings of the Workshop on Frequent Itemset Mining Implementations (FIMI)},
  year      = {2004},
}

@inproceedings{UnoDS04,
  author    = {Takeaki Uno and
               Tatsuya Asai and
               Yuzo Uchida and
               Hiroki Arimura},
  title     = {An Efficient Algorithm for Enumerating Closed Patterns in Transaction Databases},
  booktitle = {Discovery Science},
  year      = {2004},
  pages     = {16-31},
  ee        = {http://dx.doi.org/10.1007/978-3-540-30214-8_2},
  bibsource = {DBLP, http://dblp.uni-trier.de}
}

@inproceedings{UnoOSDM05,
		title = {Lcm ver. 3: Collaboration of array, bitmap and prefix tree for frequent itemset mining},
		author = {Takeaki Uno and Masashi Kiyomi and Hiroki Arimura},
		booktitle = {Proceedings of the 1st international workshop on open source data mining: frequent pattern mining implementations},
		pages = {77--86},
		year = {2005},
		organization = {ACM},
}

@inproceedings{VaillantDS04,
		title = {A clustering of interestingness measures},
		author = {Benoît Vaillant and Philippe Lenca and Stéphane Lallich},
		booktitle = {Discovery Science},
		pages = {290--297},
		year = {2004},
		organization = {Springer},
}

@article{vreeken2011krimp,
		title = {Krimp: mining itemsets that compress},
		author = {Jilles Vreeken and Matthijs Van Leeuwen and Arno Siebes},
		journal = {Data Mining and Knowledge Discovery},
		volume = {23},
		number = {1},
		pages = {169--214},
		year = {2011},
		publisher = {Springer},
}

@inproceedings{WangICDM12,
   author              = {Su-Qi Wang and
                          Yu-Bin Yang and
                          Yang Gao 0001 and
                          Guang-Peng Chen and
                          Yao Zhang},
   title               = {MapReduce-based Closed Frequent Itemset Mining with Efficient Redundancy Filtering},
   booktitle           = {ICDM Workshops},
   year                = {2012},
   pages               = {449-453},
   ee                  = {http://doi.ieeecomputersociety.org/10.1109/ICDMW.2012.24},
}

@inproceedings{ZaianeICDM01,
  title={Fast parallel association rule mining without candidacy generation},
  author={Osmar R Za{\"\i}ane and Mohammad El-Hajj and Paul Lu},
  booktitle={Data Mining, 2001. ICDM 2001, Proceedings IEEE International Conference on},
  pages={665--668},
  year={2001},
  organization={IEEE}
}

@inproceedings{ZakiKDD97,
  title={New Algorithms for Fast Discovery of Association Rules.},
  author={Mohammed J Zaki and Srinivasan Parthasarathy and Mitsunori Ogihara and Wei Li and others},
  booktitle={KDD},
  volume={97},
  pages={283--286},
  year={1997}
}


@article{ZakiDMKD97,
  title={Parallel algorithms for discovery of association rules},
  author={Mohammed J Zaki and Srinivasan Parthasarathy and Mitsunori Ogihara and Wei Li},
  journal={Data mining and knowledge discovery},
  volume={1},
  number={4},
  pages={343--373},
  year={1997},
  publisher={Springer}
}

@techreport{ZakiTR99,
  title={CHARM: An efficient algorithm for closed association rule mining},
  author={Mohammed J Zaki and Ching-Jui Hsiao and others},
  year={1999},
  institution={Technical Report 99}
}

@inproceedings{ZakiSDM2002,
		title = {CHARM: An Efficient Algorithm for Closed Itemset Mining},
		author = {Mohammed J Zaki and Ching-Jiu Hsiao},
		booktitle = {SDM},
		volume = {2},
		pages = {457--473},
		year = {2002},
}

@article{ZakiTKDE00,
  title={Scalable algorithms for association mining},
  author={Mohammed J Zaki},
  journal={Knowledge and Data Engineering, IEEE Transactions on},
  volume={12},
  number={3},
  pages={372--390},
  year={2000},
  publisher={IEEE}
}

@article{ZahariaHC10,
  title={Spark: Cluster Computing with Working Sets.},
  author={Matei Zaharia and Mosharaf Chowdhury and Michael J Franklin and Scott Shenker and Ion Stoica},
  journal={HotCloud},
  volume={10},
  pages={10--10},
  year={2010}
}

@inproceedings{wangSIGKDD03,
  title={Closet+: Searching for the best strategies for mining frequent closed itemsets},
  author={Jianyong Wang and Jiawei Han and Jian Pei},
  booktitle={Proceedings of the ninth ACM SIGKDD international conference on Knowledge discovery and data mining},
  pages={236--245},
  year={2003},
  organization={ACM}
}
@article{WangTKDE05,
  title={TFP: An efficient algorithm for mining top-k frequent closed itemsets},
  author={Wang, Jianyong and Han, Jiawei and Lu, Ying and Tzvetkov, Petre},
  journal={Knowledge and Data Engineering, IEEE Transactions on},
  volume={17},
  number={5},
  pages={652--663},
  year={2005},
  publisher={IEEE}
}






@book{IBM60,
  title={1401 Data Processing System - General Information Manual},
  author={IBM},
  publisher={International Business Machines Corporation},
  year={1960},
  month={02}
}


@MISC{hbase,
Author = {{The Apache Software Foundation}},
Title = {{HB}ase},
howpublished = {\url{http://hbase.apache.org}},
note = {[Online; accessed 01-May-2016]}
}

@INPROCEEDINGS{yarn,
AUTHOR = {Vavilapalli, Vinod Kumar and Murthy, Arun C. and Douglas, Chris and Agarwal, Sharad and Konar, Mahadev and Evans, Robert and Graves, Thomas and Lowe, Jason and Shah, Hitesh and Seth, Siddharth and Saha, Bikas and Curino, Carlo and O'Malley, Owen and Radia, Sanjay and Reed, Benjamin and Baldeschwieler, Eric},
TITLE = {Apache {H}adoop {YARN}: {Y}et {A}nother {R}esource {N}egotiator},
BOOKTITLE = {Proc. SOCC '13},
YEAR = {2013},
PAGES = {5:1--5:16}
}

@Misc{mahout,
  Author = {{The Apache Software Foundation}},
  title = 	 {Apache Mahout Library},
  howpublished = {\url{http://mahout.apache.org/}},
  note = {[Online; accessed 01-May-2016]}
}

@MISC{hadoop,
Author = {{The Apache Software Foundation}},
Title = {{H}adoop},
howpublished = {\url{http://hadoop.apache.org}},
note = {[Online; accessed 01-May-2016]}
}

@misc{postgres,
  author = {{The PostgreSQL Global Development Group}},
  title = {Postgre{SQL}},
  howpublished = {\url{http://www.postgresql.org/}},
  note = {[Online; accessed 26-Jan-2016]}
}

@Misc{mllib,
  Author = {{The Apache Software Foundation}},
  title = 	 {MLlib},
  howpublished = {\url{https://spark.apache.org/mllib/}},
  note = {[Online; accessed 01-May-2016]}
}






%% reading list (remainders from papers' bibs)

@article{IlyasACM08,
 author = {Ilyas, Ihab F. and Beskales, George and Soliman, Mohamed A.},
 title = {A survey of top-k query processing techniques in relational database systems},
 journal = {ACM Computing Surveys},
 volume = {40},
 number = {4},
 year = {2008},
 pages = {11:1--11:58},
 articleno = {11},
 numpages = {58},
}

@inproceedings{FaginPODS01,
 author = {Fagin, Ronald and Lotem, Amnon and Naor, Moni},
 title = {Optimal aggregation algorithms for middleware},
 booktitle = {Proceedings of the Twentieth Symposium on Principles of Database Systems (PODS)},
 year = {2001},
 pages = {102--113},
 numpages = {12},
}

@inproceedings{NgSIGMOD98,
  title={Exploratory mining and pruning optimizations of constrained associations rules},
  author={Ng, Raymond T and Lakshmanan, Laks VS and Han, Jiawei and Pang, Alex},
  booktitle={ACM SIGMOD Record},
  volume={27},
  number={2},
  pages={13--24},
  year={1998},
  organization={ACM}
}

@article{BayardoDMKD00,
		author = {Roberto J. Bayardo and Rakesh Agrawal and Dimitrios Gunopulos},
		title = {Constraint-Based Rule Mining in Large, Dense Databases},
		journal = {Data Mining and Knowledge Discovery},
		volume = {4},
		number = {2},
		pages = {217--240},
		issn = {1573-756X},
		doi = {10.1023/A:1009895914772},
		year = {2000},
}

@article{JarvelinACM02,
 author = {J\"{a}rvelin, Kalervo and Kek\"{a}l\"{a}inen, Jaana},
 title = {Cumulated {G}ain-based {E}valuation of {IR} {T}echniques},
 journal = {ACM Trans. Inf. Syst.},
 volume = {20},
 number = {4},
 year = {2002},
 pages = {422--446},
 numpages = {25},
}
